% Article example
@article{paper,
  title={Turing patterns in network-organized activatorâ€“inhibitor systems},
  author={Hiroya Nakao and Alexander S. Mikhailov},
  journal={Nature Physics},
  pages={14},
  year={2010},
}


% Web link example
@misc{website,
	author = {},
	title = {Schnakenberg pattern formation},
	howpublished = {https://visualpde.com/mathematical-biology/schnakenberg.html},
	year = {},
}
